A2911793              PM DE GUAPO - C.PUBL104CAIXA ECON. FEDERAL 2016012900000803                                                                     
G4822006000000190    2016012820160202896900000004000010417932016021600000000042990000000040000000150000000014822    408007662               1         
G4822006000000190    2016012820160202896800000004000010417932016021600000000060860000000040000000150000000024822    408007662               1         
G4822006000000190    2016012820160202896800000004000010417932016021600000000060340000000040000000150000000034822    408007662               1         
G4822006000000190    2016012820160202896800000004000010417932016021600000000042710000000040000000150000000044822    408007662               1         
G4822006000000190    2016012820160202896000000004000010417932016021600000000023940000000040000000150000000054822    408007662               1         
G4822006000000190    2016012820160202896700000004000010417932016021600000000044360000000040000000150000000064822    408007662               1         
G4822006000000190    2016012820160202896600000003000010417932016021600000000063520000000030000000150000000074822    408007662               1         
G4822006000000190    2016012820160202896500000004000010417932016021600000000063560000000040000000150000000084822    408007662               1         
G4822006000000190    2016012820160202896500000004000010417932016021600000000063230000000040000000150000000094822    408007662               1         
G4822006000000190    2016012820160202896500000003000010417932016021600000000063810000000030000000150000000104822    408007662               1         
G4822006000000190    2016012820160202896300000008000010417932016021600000000061930000000080000000150000000114822    408007662               1         
G4822006000000190    2016012820160202896200000003000010417932016021600000000063490000000030000000150000000124822    408007662               1         
G4822006000000190    2016012820160202896100000003000010417932016021600000000063160000000030000000150000000134822    408007662               1         
G4822006000000190    2016012820160202896300000003000010417932016021600000000053300000000030000000150000000142079    408007942               1         
G4822006000000190    2016012820160202896400000010000010417932016021600000000038610000000100000000150000000151092    408008293               1         
G4822006000000190    2016012820160202896400000010000010417932016021600000000063220000000100000000150000000161092    408013161               1         
G4822006000000190    2016012820160202896500000008000010417932016021600000000023870000000080000000150000000171626    408018840               1         
G4822006000000190    2016012820160202896600000010000010417932016021600000000031340000000100000000150000000181253    408020343               1         
Z00002000000000000093000                                                                                                                              
